<?xml version='1.0' encoding='UTF-8'?>
<record xmlns="http://www.loc.gov/MARC21/slim">
  <leader>01256cam a2200277 i 4500</leader>
  <controlfield tag="001">1570260</controlfield>
  <controlfield tag="003">NjP</controlfield>
  <controlfield tag="005">20170217001527.0</controlfield>
  <controlfield tag="008">890414s1972    ir af    b    001 0 ara  </controlfield>
  <datafield tag="024" ind1="7" ind2=" ">
    <subfield code="a">princeton_aco001531</subfield>
    <subfield code="2">local</subfield>
  </datafield>
  <datafield ind1=" " ind2=" " tag="010">
    <subfield code="a">   77970741  </subfield>
  </datafield>
  <datafield ind1=" " ind2=" " tag="035">
    <subfield code="a">(OCoLC)ocm19549729</subfield>
  </datafield>
  <datafield ind1=" " ind2=" " tag="035">
    <subfield code="9">CEX7829TS</subfield>
  </datafield>
  <datafield ind1=" " ind2=" " tag="040">
    <subfield code="a">DLC</subfield>
    <subfield code="c">WAU</subfield>
    <subfield code="d">WAU</subfield>
    <subfield code="d">PUL</subfield>
  </datafield>
  <datafield ind1="0" ind2=" " tag="050">
    <subfield code="a">BP194.1</subfield>
    <subfield code="b">.I36 1972</subfield>
  </datafield>
  <datafield ind1="1" ind2=" " tag="100">
    <subfield code="a">Ibn Shādhān, al-Faḍl,</subfield>
    <subfield code="d">-873 or 874.</subfield>
    <subfield code="0">http://id.loc.gov/authorities/names/n85007832</subfield>
  </datafield>
  <datafield ind1="1" ind2="3" tag="245">
    <subfield code="a">al-Īḍāḥ /</subfield>
    <subfield code="c">lil-Shaykh al-Faḍl ibn Shādhān al-Azdī al-Nīsābūrī ; ʻaniya bi-taḥqīq al-kitāb wa-kharraja aḥādīthah wa-qaddama lah al-Sayyid Jalāl al-Dīn al-Ḥusaynī al-Urmavī al-Muḥaddis.</subfield>
  </datafield>
  <datafield ind1=" " ind2=" " tag="260">
    <subfield code="a">Tihrān :</subfield>
    <subfield code="b">Muʼassasah-ʼi Intishārāt va-Chāp-i Dānishgāh-i Tihrān,</subfield>
    <subfield code="c">1972.</subfield>
  </datafield>
  <datafield ind1=" " ind2=" " tag="300">
    <subfield code="a">102, 626 p., [1] leaf of plates :</subfield>
    <subfield code="b">ill. ;</subfield>
    <subfield code="c">25 cm.</subfield>
  </datafield>
  <datafield ind1="1" ind2=" " tag="490">
    <subfield code="a">Manshūrāt-i Jāmiʻat Ṭihrān ;</subfield>
    <subfield code="v">1347</subfield>
  </datafield>
  <datafield ind1=" " ind2=" " tag="504">
    <subfield code="a">Bibliography: p. [610]-621.</subfield>
  </datafield>
  <datafield ind1=" " ind2=" " tag="500">
    <subfield code="a">Includes indexes.</subfield>
  </datafield>
  <datafield ind1=" " ind2="0" tag="650">
    <subfield code="a">Shiites</subfield>
    <subfield code="v">Apologetic works.</subfield>
  </datafield>
  <datafield ind1="1" ind2=" " tag="700">
    <subfield code="a">Muḥaddis̲, Jalāl al-Dīn Ḥusaynī.</subfield>
  </datafield>
  <datafield ind1=" " ind2="0" tag="830">
    <subfield code="a">Publications de l'Université de Tehran ;</subfield>
    <subfield code="v">no 1347.</subfield>
  </datafield>
  <datafield ind1=" " ind2=" " tag="947">
    <subfield code="a">CEX7829</subfield>
  </datafield>
  <datafield ind1=" " ind2=" " tag="911">
    <subfield code="a">20000130</subfield>
  </datafield>
  <datafield ind1="0" ind2="0" tag="852">
    <subfield code="0">1807612</subfield>
    <subfield code="b">nec</subfield>
    <subfield code="t">0</subfield>
    <subfield code="h">BP194.1</subfield>
    <subfield code="i">.I267 1972</subfield>
  </datafield>
  <datafield ind1=" " ind2=" " tag="959">
    <subfield code="a">2000-06-13 00:00:00 -0400</subfield>
  </datafield>
</record>
